@misc{software_fails,
author={IEEE Spectrum,},
title={Why software fails},
url={http://www.webcitation.org/6XdmoDl1q},
year={2017}
},

@misc{wikipedia_agile_dev,
author={Wikipedia,},
title={Agile development},
url={http://www.webcitation.org/6XcS9Hzn8},
year={2017}
},

@misc{glade,
author={Gnome,},
title={Glade - A user interface designer},
url={http://www.webcitation.org/6neEdITS2},
year={2017}
},

@misc{mingw,
author={MinGW.org,},
title={Minimalist GNU for Windows},
url={http://www.webcitation.org/6neEs5ttT},
year={2017}
},

@misc{msys,
author={MinGw.org,},
title={MSys},
url={http://www.webcitation.org/6neF05EDf},
year={2017}
},


@misc{gtk_localisation,
author={developer.gnome.org,},
title={Internationalization},
url={http://www.webcitation.org/6neFFDL1j},
year={2017}
},


@misc{glib,
author={developer.gnome.org,},
title={GLib},
url={http://www.webcitation.org/6neFObceO},
year={2017}
}

@misc{gtk,
author={gtk.org,},
title={What is GTK+, and how can I use it},
url={http://www.webcitation.org/6neFp41pS},
year={2017}
}

@misc{wikipedia_gimp,
author={Wikipedia,},
title={GIMP history},
url={http://www.webcitation.org/6neGC6QB8},
year={2017}
},

@misc{qt_about,
author={QT.io,},
title={About QT},
url={http://www.webcitation.org/6neGNc3lv},
year={2017}
},

@misc{qt_moc,
author={QT.io,},
title={Using the meta object compiler},
url={http://www.webcitation.org/6neGbLcRz},
year={2017}
},

@misc{qt_slotsnsignals,
author={QT.io,},
title={Slots and signals},
url={http://www.webcitation.org/6neGgej2I},
year={2017}
},

@misc{qt_localisation,
author={QT.io,},
title={Writing source code for translation},
url={http://www.webcitation.org/6neGwdwCd},
year={2017}
},

@misc{qt_international,
author={QT.io,},
title={Internationalization},
url={http://www.webcitation.org/6neGn7QPc},
year={2017}
},

@misc{qt_qml,
author={QT.io,},
title={QML tutorial},
url={http://www.webcitation.org/6neH1BZjQ},
year={2017}
},
